<record><leader>00000cas a2200000 a 4500</leader><controlfield tag="001">11308399</controlfield><controlfield tag="008">841025d18721uuuiluwr ne      0   a0eng c</controlfield><datafield ind1=" " ind2=" " tag="010"><subfield code="a">sn 84038417 </subfield></datafield><datafield ind1=" " ind2=" " tag="040"><subfield code="a">NPX</subfield><subfield code="b">eng</subfield><subfield code="c">NPX</subfield><subfield code="d">NPU</subfield><subfield code="d">NVF</subfield><subfield code="d">CNK</subfield><subfield code="d">NVF</subfield><subfield code="d">CVF</subfield><subfield code="d">NVF</subfield><subfield code="d">OCLCQ</subfield><subfield code="d">OCLCF</subfield><subfield code="d">NVF</subfield><subfield code="d">OCLCO</subfield></datafield><datafield ind1="1" ind2=" " tag="029"><subfield code="a">AU@</subfield><subfield code="b">000020375582</subfield></datafield><datafield ind1=" " ind2=" " tag="042"><subfield code="a">pcc</subfield></datafield><datafield ind1=" " ind2=" " tag="043"><subfield code="a">n-us-il</subfield></datafield><datafield ind1="0" ind2=" " tag="130"><subfield code="a">Dixon sun (Dixon, Ill. : Weekly ed.)</subfield></datafield><datafield ind1="1" ind2="4" tag="245"><subfield code="a">The Dixon sun.</subfield></datafield><datafield ind1="1" ind2="3" tag="246"><subfield code="a">Dixon weekly sun</subfield><subfield code="f">Apr. 4, 1894-Feb. 3, 1898</subfield></datafield><datafield ind1="1" ind2="3" tag="246"><subfield code="a">Weekly Dixon sun</subfield><subfield code="f">Feb. 10-Dec. 29, 1898</subfield></datafield><datafield ind1=" " ind2=" " tag="250"><subfield code="a">[Weekly ed.].</subfield></datafield><datafield ind1=" " ind2=" " tag="260"><subfield code="a">Dixon, Ill. :</subfield><subfield code="b">W.M. Kennedy,</subfield><subfield code="c">1872-[1---?].</subfield></datafield><datafield ind1=" " ind2=" " tag="300"><subfield code="a">v.</subfield></datafield><datafield ind1=" " ind2=" " tag="310"><subfield code="a">Weekly</subfield></datafield><datafield ind1="0" ind2=" " tag="362"><subfield code="a">Vol. 4, no. 36 (Mar. 6, 1872)-</subfield></datafield><datafield ind1=" " ind2=" " tag="515"><subfield code="a">Continues the numbering of Lee County Democrat (Dixon, Ill.).</subfield></datafield><datafield ind1=" " ind2=" " tag="580"><subfield code="a">Daily eds.: Dixon sun (Dixon, Ill. : Daily ed), 1893-&lt;1894&gt;, and: Dixon daily sun, 1894-&lt;1898&gt;.</subfield></datafield><datafield ind1=" " ind2=" " tag="588"><subfield code="a">Latest issue consulted: Vol. 32, no. 29 (Dec. 29, 1898).</subfield></datafield><datafield ind1=" " ind2="0" tag="651"><subfield code="a">Dixon (Ill.)</subfield><subfield code="v">Newspapers.</subfield></datafield><datafield ind1=" " ind2="0" tag="651"><subfield code="a">Lee County (Ill.)</subfield><subfield code="v">Newspapers.</subfield></datafield><datafield ind1=" " ind2="7" tag="651"><subfield code="a">Illinois</subfield><subfield code="z">Dixon.</subfield><subfield code="2">fast</subfield><subfield code="0">(OCoLC)fst01217732</subfield></datafield><datafield ind1=" " ind2="7" tag="651"><subfield code="a">Illinois</subfield><subfield code="z">Lee County.</subfield><subfield code="2">fast</subfield><subfield code="0">(OCoLC)fst01231397</subfield></datafield><datafield ind1=" " ind2="7" tag="655"><subfield code="a">Newspapers.</subfield><subfield code="2">fast</subfield><subfield code="0">(OCoLC)fst01423814</subfield></datafield><datafield ind1=" " ind2=" " tag="752"><subfield code="a">United States</subfield><subfield code="b">Illinois</subfield><subfield code="c">Lee</subfield><subfield code="d">Dixon.</subfield></datafield><datafield ind1="1" ind2=" " tag="775"><subfield code="t">Dixon sun (Dixon, Ill. : Daily ed.)</subfield><subfield code="w">(DLC)sn2002061125</subfield><subfield code="w">(OCoLC)50490815</subfield></datafield><datafield ind1="1" ind2=" " tag="775"><subfield code="t">Dixon daily sun</subfield><subfield code="w">(DLC)sn2002061126</subfield><subfield code="w">(OCoLC)50491041</subfield></datafield><datafield ind1="0" ind2="0" tag="780"><subfield code="t">Lee County Democrat (Dixon, Ill.)</subfield><subfield code="w">(DLC)sn 92053375</subfield><subfield code="w">(OCoLC)26677618</subfield></datafield></record>